@article{hoy2019surgical,
  title={Surgical treatment of lung cancer},
  author={Hoy, Haley and Lynch, Thuy and Beck, Monica},
  journal={Critical Care Nursing Clinics},
  volume={31},
  number={3},
  pages={303--313},
  year={2019},
  publisher={Elsevier}
}

@article{de2013state,
  title={State of the art radiation therapy for lung cancer 2012: a glimpse of the future},
  author={De Ruysscher, Dirk and Belderbos, Jos{\'e} and Reymen, Bart and van Elmpt, Wouter and van Baardwijk, Angela and Wanders, Rinus and Hoebers, Frank and Vooijs, Marc and {\"O}llers, Michel and Lambin, Philippe},
  journal={Clinical lung cancer},
  volume={14},
  number={2},
  pages={89--95},
  year={2013},
  publisher={Elsevier}
}

@article{ihde1992chemotherapy,
  title={Chemotherapy of lung cancer},
  author={Ihde, Daniel C},
  journal={New England Journal of Medicine},
  volume={327},
  number={20},
  pages={1434--1441},
  year={1992},
  publisher={Mass Medical Soc}
}

@article{mayekar2017current,
  title={Current landscape of targeted therapy in lung cancer},
  author={Mayekar, Manasi K and Bivona, Trever G},
  journal={Clinical Pharmacology \& Therapeutics},
  volume={102},
  number={5},
  pages={757--764},
  year={2017},
  publisher={Wiley Online Library}
}

@article{steven2016immunotherapy,
  title={Immunotherapy for lung cancer},
  author={Steven, Antonius and Fisher, Scott A and Robinson, Bruce W},
  journal={Respirology},
  volume={21},
  number={5},
  pages={821--833},
  year={2016},
  publisher={Wiley Online Library}
}

@article{ferrell2011palliative,
  title={Palliative care in lung cancer},
  author={Ferrell, Betty and Koczywas, Marianna and Grannis, Fred and Harrington, Annie},
  journal={Surgical Clinics},
  volume={91},
  number={2},
  pages={403--417},
  year={2011},
  publisher={Elsevier}
}

@article{heredia2023effectiveness,
  title={Effectiveness of healthy lifestyle--based interventions in lung cancer survivors: a systematic review and meta-analysis},
  author={Heredia-Ciuro, Alejandro and Martin-Nunez, Javier and L{\'o}pez-L{\'o}pez, Jos{\'e} Antonio and Lopez-Lopez, Laura and Granados-Santiago, Maria and Calvache-Mateo, Andres and Valenza, Marie Carmen},
  journal={Supportive Care in Cancer},
  volume={31},
  number={1},
  pages={71},
  year={2023},
  publisher={Springer}
}

@article{jemal2011global,
  title={Global cancer statistics},
  author={Jemal, Ahmedin and Bray, Freddie and Center, Melissa M and Ferlay, Jacques and Ward, Elizabeth and Forman, David},
  journal={CA: a cancer journal for clinicians},
  volume={61},
  number={2},
  pages={69--90},
  year={2011},
  publisher={Wiley Online Library}
}

@misc{singh2021lung,
  title={Lung cancer in India},
  author={Singh, Navneet and Agrawal, Sushma and Jiwnani, Sabita and Khosla, Divya and Malik, Prabhat S and Mohan, Anant and Penumadu, Prasanth and Prasad, Kuruswamy Thurai},
  journal={Journal of Thoracic Oncology},
  volume={16},
  number={8},
  pages={1250--1266},
  year={2021},
  publisher={Elsevier}
}

@article{meza2015lung,
  title={Lung cancer incidence trends by gender, race and histology in the United States, 1973--2010},
  author={Meza, Rafael and Meernik, Clare and Jeon, Jihyoun and Cote, Michele L},
  journal={PloS one},
  volume={10},
  number={3},
  pages={e0121323},
  year={2015},
  publisher={Public Library of Science San Francisco, CA USA}
}

@article{huang2022distribution,
  title={Distribution, risk factors, and temporal trends for lung cancer incidence and mortality: a global analysis},
  author={Huang, Junjie and Deng, Yunyang and Tin, Man Sing and Lok, Veeleah and Ngai, Chun Ho and Zhang, Lin and Lucero-Prisno III, Don Eliseo and Xu, Wanghong and Zheng, Zhi-Jie and Elcarte, Edmar and others},
  journal={Chest},
  volume={161},
  number={4},
  pages={1101--1111},
  year={2022},
  publisher={Elsevier}
}

@article{jemal2001recent,
  title={Recent trends in lung cancer mortality in the United States},
  author={Jemal, Ahmedin and Chu, Kenneth C and Tarone, Robert E},
  journal={Journal of the National Cancer Institute},
  volume={93},
  number={4},
  pages={277--283},
  year={2001},
  publisher={Oxford University Press}
}

@article{akhtar2017risk,
  title={Risk factors of Lung Cancer in nonsmoker},
  author={Akhtar, Nahid and Bansal, Jeena Gupta},
  journal={Current problems in cancer},
  volume={41},
  number={5},
  pages={328--339},
  year={2017},
  publisher={Elsevier}
}

@article{leiter2023global,
  title={The global burden of lung cancer: current status and future trends},
  author={Leiter, Amanda and Veluswamy, Rajwanth R and Wisnivesky, Juan P},
  journal={Nature reviews Clinical oncology},
  volume={20},
  number={9},
  pages={624--639},
  year={2023},
  publisher={Nature Publishing Group UK London}
}